% Encoding: UTF-8

@Misc{bib:HololensVerkaufszahlen,
  author       = {Peter Gothard},
  title        = {Microsoft HoloLens: Firm admits sales figures are in the 'thousands'},
  howpublished = {Internetquelle (abgerufen am 24.11.2017)},
  month        = jan,
  year         = {2017},
  abstract     = {Interview mit Roger Walkden, dem Commercial Leader der Hololens bei Microsoft.
Das Inteview handelt von den Verkaufszahlen der Hololens},
  url          = {https://www.theinquirer.net/inquirer/news/3003380/microsoft-hololens-firm-admits-sales-figures-are-in-the-thousands},
}

@Misc{bib:ControllerTest,
  author       = {Robert Berg},
  title        = {Touch-Controller machen Oculus Rift zur besten VR-Brille},
  howpublished = {Internetquelle (abgerufen am 24.11.2017)},
  month        = dec,
  year         = {2016},
  url          = {https://www.welt.de/wirtschaft/webwelt/article160455301/Touch-Controller-machen-Oculus-Rift-zur-besten-VR-Brille.html },
}

@Article{bib:VRSickness,
  author    = {Justin Munafo and Meg Diedrick and Thomas A. Stoffregen},
  title     = {The virtual reality head-mounted display Oculus Rift induces motion sickness and is sexist in its effects},
  journal   = {Experimental Brain Research},
  year      = {2016},
  volume    = {235},
  number    = {3},
  pages     = {889--901},
  month     = {dec},
  doi       = {10.1007/s00221-016-4846-7},
  publisher = {Springer Nature},
}

@Misc{bib:OculusTestTragekomfort,
  author       = {Jan-Keno Janssen},
  title        = {Oculus Rift im Test: Virtual Reality für die Massen},
  howpublished = {Internetquelle (abgerufen am 27.11.2017)},
  month        = mar,
  year         = {2016},
  url          = {https://www.heise.de/ct/artikel/Oculus-Rift-im-Test-Virtual-Reality-fuer-die-Massen-3151909.html},
}

@Misc{bib:HololensTest,
  author       = {Hannes A. Czerulla, Jan-Keno Janssen},
  title        = {Microsoft HoloLens im Test: Tolle Software, schwaches Display},
  howpublished = {Internetquelle (angerufen am 27.11.2017)},
  month        = jun,
  year         = {2016},
  url          = {https://www.heise.de/ct/artikel/Microsoft-HoloLens-im-Test-Tolle-Software-schwaches-Display-3248670.html},
}

@Misc{bib:HololensPreis,
  author       = {Microsoft},
  title        = {Microsoft HoloLens Choose the option that best suits your purpose.},
  howpublished = {Internetquelle (abgerufen am 27.11.2017)},
  month        = nov,
  year         = {2017},
  url          = {https://www.microsoft.com/de-de/hololens/buy},
}

@Misc{bib:Meta2Test,
  author       = {Tobias Kammann},
  title        = {Augmented Reality: AR-Brille Meta 2 im Test – besser als Hololens?},
  howpublished = {Internetquelle (abgerufen am 27.11.2017)},
  month        = nov,
  year         = {2017},
  url          = {https://vrodo.de/augmented-reality-ar-brille-meta-2-im-test-besser-als-hololens/},
}

@Misc{bib:Meta2Preis,
  author       = {Metavision},
  title        = {Meta 2 Augmented Reality Development Kit},
  howpublished = {Internetquelle (abgerufen am 27.11.2017)},
  month        = nov,
  year         = {2017},
  url          = {https://buy.metavision.com/products/meta2?hsCtaTracking=f279363d-13d6-49b1-ac86-3b857cdab7af%7Ce791c1c8-d612-476a-9ed0-d31641c628f1},
}

@Misc{bib:Meta2Test2,
  author       = {Joe Durbin},
  title        = {Meta 2: Hands-On With The AR Startup’s Latest Kit},
  howpublished = {Internetquelle (abgerufen am 27.11.2017)},
  month        = apr,
  year         = {2017},
  url          = {https://uploadvr.com/meta-2-hands-ar-svvr/},
}

@Misc{bib:OculusTouchTest,
  author       = {Jan-Keno Janssen},
  title        = {Oculus Touch im Test: So echt können sich Hände in VR anfühlen},
  howpublished = {Internetquelle (abgerufen am 27.11.2017)},
  month        = dec,
  year         = {2017},
  url          = {https://www.heise.de/ct/artikel/Oculus-Touch-im-Test-So-echt-koennen-sich-Haende-in-VR-anfuehlen-3552295.html},
}

@Misc{bib:ViveTest,
  author       = {Lewis Painter},
  title        = {HTC Vive review},
  howpublished = {Internetquelle (abgerufen am 28.11.2017)},
  month        = aug,
  year         = {2017},
  url          = {http://www.techadvisor.co.uk/review/wearable-tech/htc-vive-review-2017-3635648/},
}

@Misc{bib:Lighthouse,
  author       = {Ruben Artus},
  title        = {Lighthouse von VALVE erklärt},
  howpublished = {Internetquelle (abgerufen am 28.11.2017)},
  month        = nov,
  year         = {2017},
  url          = {https://vrjump.de/lighthouse-erklaert},
}

@Misc{bib:NewGesture,
  author       = {Windows Mixed Reality Developer Forum},
  title        = {Creating a new Gesture},
  howpublished = {Internetquelle (abgerufen am 28.11.2017)},
  month        = apr,
  year         = {2016},
  url          = {https://forums.hololens.com/discussion/549/creating-a-new-gesture},
}

@Misc{bib:OculusSpecs,
  author       = {Oculus Rift Support},
  title        = {Was sind die empfohlenen Mindestsystemvoraussetzungen, die für den Betrieb der Oculus Rift erforderlich sind?},
  howpublished = {Internetquelle (abgerufen am 29.11.2017)},
  month        = nov,
  year         = {2017},
  url          = {https://support.oculus.com/170128916778795/},
}

@Bachelorsthesis{bib:UEvsUE4,
  author   = {Przemyslaw Gora and Lukas Leibetseder},
  title    = {Unreal vs Unity: Ein Vergleich zwischen zwei modernen Spiele-Engines},
  month    = oct,
  year     = {2016},
  note     = {1},
  abstract = {This bachelor’s thesis focuses on the comparison of two
               game engines, the Unreal Engine 4 and Unity 5 Engine. We
               will take a closer look at the different aspects that we
               find important, describe and compare them. Starting with the
               content-pipeline, which includes the usage of externally
               created content, we will focus on three big categories:
               Audio, Images and 3D-Assets. During this process it will be
               shown that Unity 5 supports much more formats to import than
               the Unreal Engine 4. This is especially noticeable with
               Audio and 3D-Assets. For the latter there is a feature in
               Unity 5 that allows you to directly import formats of
               various modelling tools like Maya, although it is fair to
               mention that in a few cases one will be reverting to the
               standard way of importing FBX files. While Unreal Engine 4
               doesn’t have a huge support for external formats it offers
               more options to use the assets within the engine.   In the
               following chapter we will take a look at the features each
               engine has to offer. Both, Unreal and Unity, have a big
               arsenal of tools to simplify various aspects of the
               development process. Yet again the Unreal Engines offers a
               greater set of options. Afterwards we will create a simple
               small project in Unreal Engine 4 and Unity 5 to demonstrate
               the usability and tools both engines have to offer. As we
               will see, the level design and placing of some objects in
               the editor is very similar. The interesting part starts with
               the creation of a controllable player character. The
               behaviour of such is realized differently on both sides. In
               Unity 5 one uses C#-scripts whereas Unreal Engine 4 offers
               visual scripting. We will compare those two systems and
               point out their pros and cons.  In the further course we
               will take a look at the list of effects from the lecture UE
               Computergraphik (186.831) and check if they are available in
               either of both engines. In the last chapter, we’ll take a
               look at the legal aspects and limitation when using Unreal
               and Unity. It’s interesting to see how far it is possible
               to use those engines in university lectures.},
  address  = {Favoritenstrasse 9-11/186, A-1040 Vienna, Austria},
  keywords = {Unreal, Unity 3D, Game Engine},
  school   = {Institute of Computer Graphics and Algorithms, Vienna University of Technology},
  url      = {https://www.cg.tuwien.ac.at/research/publications/2016/Przemyslaw_Gora_2016_UVU/},
}

@Article{bib:FirstNeuron,
  author    = {Warren S. McCulloch and Walter Pitts},
  title     = {A logical calculus of the ideas immanent in nervous activity},
  journal   = {The Bulletin of Mathematical Biophysics},
  year      = {1943},
  volume    = {5},
  number    = {4},
  pages     = {115--133},
  month     = {dec},
  doi       = {10.1007/bf02478259},
  publisher = {Springer Nature},
}

@InCollection{bib:Perzeptron,
  author    = {C. Van Der Malsburg},
  title     = {Frank Rosenblatt: Principles of Neurodynamics: Perceptrons and the Theory of Brain Mechanisms},
  booktitle = {Brain Theory},
  publisher = {Springer Berlin Heidelberg},
  year      = {1986},
  pages     = {245--248},
  doi       = {10.1007/978-3-642-70911-1_20},
}

@Book{bib:UebereblickNN,
  title  = {Ein kleiner \"{U}berblick \"{u}ber Neuronale Netze},
  year   = {2007},
  author = {David Kriesel},
  url    = { erh\"{a}ltlich auf http://www.dkriesel.com },
}

@Article{bib:FastGroundSeg,
  author    = {Chu, Phuong and Cho, Seoungjae and Sim, Sungdae and Kwak, Kiho and Cho, Kyungeun},
  title     = {A Fast Ground Segmentation Method for 3D Point Cloud},
  journal   = {Journal of information processing systems},
  year      = {2017},
  volume    = {13},
  number    = {3},
  pages     = {491--499},
  publisher = {한국정보처리학회},
}

@Misc{bib:AzureCS,
  author       = {Microsoft},
  title        = {Machine Learning – Cheat Sheet für Algorithmen für Microsoft Azure Machine Learning Studio},
  howpublished = {Internetquelle(abgerufen am 21.03.2018)},
  month        = dec,
  year         = {2017},
}

@Misc{Neurons,
  author = {{Wikimedia Commons}},
  title  = {Neurons},
  year   = {2008},
  note   = {[Internetquelle (abgerufen am 21.03.2018)]},
  url    = {https://commons.wikimedia.org/wiki/File:Neurons_big1.jpg#filehistory},
}

@InProceedings{bib:Segmentation1,
  author    = {Dimitris Zermas and Izzat Izzat and Nikolaos Papanikolopoulos},
  title     = {Fast segmentation of 3D point clouds: A paradigm on {LiDAR} data for autonomous vehicle applications},
  booktitle = {2017 {IEEE} International Conference on Robotics and Automation ({ICRA})},
  year      = {2017},
  month     = {may},
  publisher = {{IEEE}},
  doi       = {10.1109/icra.2017.7989591},
}

@InProceedings{bib:Segmentation2,
  author    = {M. Hoy and J. Dauwels and J. Yuan},
  title     = {Efficient ground object segmentation in 3D LIDAR based on cascaded mode seeking},
  booktitle = {2017 IEEE 20th International Conference on Intelligent Transportation Systems (ITSC)},
  year      = {2017},
  pages     = {1-6},
  month     = {Oct},
  doi       = {10.1109/ITSC.2017.8317867},
  keywords  = {Conferences;Intelligent transportation systems;Kalman filters;Laser radar;Real-time systems;Surface treatment;Three-dimensional displays},
}

@InProceedings{bib:Segmentation3,
  author    = {S. Goga and S. Nedevschi},
  title     = {An approach for segmenting 3D LiDAR data using multi-volume grid structures},
  booktitle = {2017 13th IEEE International Conference on Intelligent Computer Communication and Processing (ICCP)},
  year      = {2017},
  pages     = {309-315},
  month     = {Sept},
  doi       = {10.1109/ICCP.2017.8117022},
  keywords  = {graph theory;image segmentation;intelligent transportation systems;optical radar;3D LiDAR data segmention;accurate segmentation algorithm;automotive driving perception tasks;autonomous driving tasks;compact data representation;connected-component-based segmentation method;ground segment;hanging objects;multivolume grid representation;multivolume grid structures;object labeled data;object segment;road barrier;road surface;space partitioning data;sparse 3D LiDAR point clouds;spatial graph structure;urban environments;urban scenes;Buildings;Image segmentation;Laser radar;Roads;Three-dimensional displays;Vegetation;connected components;elevation map;hanging objects;lidar;multi-volume grid;overlapping intervals;protruding objects;segmentation},
}

@Booklet{bib:Decomposion,
  title        = {Matrixzerlegungen. Überbestimmte Systeme},
  author       = {Clemens Brand, Erika Hausenblas},
  howpublished = {Vorlesungsskript},
  address      = {Montanuniversität Leoben},
  month        = mar,
  year         = {2014},
}

@Article{bib:SVD,
  author  = {Dan Kalman},
  title   = {A singularly valuable decomposition: The SVD of a matrix},
  journal = {College Math Journal},
  year    = {1996},
  volume  = {27},
  pages   = {2--23},
}

@Booklet{bib:SVDforFitting,
  title   = {Using SVD for some fitting problems},
  author  = {Inge Söderkvist},
  address = {Lulea Univerity of Technology},
}

@Booklet{bib:g3sharp,
  title   = {Least Squares Fitting of Data},
  author  = {David Eberly},
  address = {Geometric Tools, Redmond WA 98052},
  month   = jul,
  year    = {1999},
  note    = {Last Modified: December 12, 2017},
}

@InProceedings{bib:UltimateDisplay,
  author    = {Ivan E. Sutherland},
  title     = {The Ultimate Display},
  booktitle = {Proceedings of the IFIP Congress},
  year      = {1965},
  pages     = {506--508},
}

@Article{bib:VRReport,
  author    = {Gobbetti Enrico},
  title     = {VIRTUAL REALITY: PAST, PRESENT AND FUTURE},
  journal   = {Studies in Health Technology and Informatics},
  year      = {1998},
  volume    = {58},
  number    = {Virtual Environments in Clinical Psychology and Neuroscience},
  pages     = {3--20},
  issn      = {0926-9630},
  doi       = {10.3233/978-1-60750-902-8-3},
  publisher = {IOS Press},
}

@Book{Brewster1856,
  title     = {The Stereoscope; Its History, Theory and Construction, with Its Application to the Fine and Useful Arts and to Education, Etc},
  publisher = {John Murray},
  year      = {1856},
  author    = {Brewster, David},
}

@InProceedings{bib:NasaVr,
  author    = {S. S. Fisher and M. McGreevy and J. Humphries and W. Robinett},
  title     = {Virtual environment display system},
  booktitle = {Proceedings of the 1986 workshop on Interactive 3D graphics - {SI}3D {\textquotesingle}86},
  year      = {1987},
  publisher = {{ACM} Press},
  doi       = {10.1145/319120.319127},
}

@Article{bib:LidarArcheology,
  author    = {Katharine M. Johnson and William B. Ouimet},
  title     = {Rediscovering the lost archaeological landscape of southern New England using airborne light detection and ranging ({LiDAR})},
  journal   = {Journal of Archaeological Science},
  year      = {2014},
  volume    = {43},
  pages     = {9--20},
  month     = {mar},
  doi       = {10.1016/j.jas.2013.12.004},
  publisher = {Elsevier {BV}},
}

@Article{bib:LidarSpace,
  author    = {D. E. Smith},
  title     = {The Global Topography of Mars and Implications for Surface Evolution},
  journal   = {Science},
  year      = {1999},
  volume    = {284},
  number    = {5419},
  pages     = {1495--1503},
  month     = {may},
  doi       = {10.1126/science.284.5419.1495},
  publisher = {American Association for the Advancement of Science ({AAAS})},
}

@InProceedings{bib:LidarRobotic,
  author    = {Satish K. Reddy and Prabir K. Pal},
  title     = {Segmentation of point cloud from a 3D {LIDAR} using range difference between neighbouring beams},
  booktitle = {Proceedings of the 2015 Conference on Advances In Robotics - {AIR} {\textquotesingle}15},
  year      = {2015},
  publisher = {{ACM} Press},
  doi       = {10.1145/2783449.2783504},
}

@Article{bib:RiftHistorical,
  author        = {Gammage, Chastin},
  title         = {Exploring Oculus Rift: A Historical Analysis of the ‘Virtual Reality’Paradigm},
  journal       = {ART 108: Introduction to Games Studies},
  year          = {2017},
  __markedentry = {[gruepazu:6]},
}

@Misc{bib:Unity34Percent,
  author       = {Unity Technologies},
  title        = {Die weltweit führende Software der Game-Industrie},
  howpublished = {Internetquelle (abgerufen am 24.04.2018)},
  month        = apr,
  year         = {2018},
  url          = {https://unity3d.com/de/public-relations},
}

@Misc{bib:MonoBehaviour,
  author       = {Unity},
  title        = {MonoBehaviour},
  howpublished = {Internetquelle (abgerufen am 01.05.2018)},
  month        = may,
  year         = {2018},
  url          = {https://docs.unity3d.com/ScriptReference/MonoBehaviour.html},
}

@Misc{bib:Singleton,
  author       = {ClearCut Games},
  title        = {Unity3D Tips 2 – The Singleton Pattern},
  howpublished = {Internetquelle (abgerufen am 01.05.2018)},
  url          = {http://clearcutgames.net/home/?p=437},
}

@Misc{bib:Blender,
  author       = {Unity},
  title        = {Importing Objects From Blender},
  howpublished = {Internetquelle (aufgerufen am 04.05.2018)},
  month        = may,
  year         = {2018},
  url          = {https://docs.unity3d.com/560/Documentation/Manual/HOWTO-ImportObjectBlender.html},
}

@Misc{bib:RiftUser,
  author       = {MSPoweruser},
  title        = {All Oculus Rift users left in the dark following “Cant Reach Oculus Runtime Services” error: Update – patch now available},
  howpublished = {Internetquelle (abgerufen am 07.05.2018)},
  month        = may,
  year         = {2018},
  url          = {https://mspoweruser.com/all-oculus-rift-users-left-in-the-dark-following-cant-reach-oculus-runtime-services-error/},
}

@Misc{bib:AvatarHands,
  author       = {TheMorenar},
  title        = {Oculus Rift CV1 - VRTK Avatar SDK Gamedev 3},
  howpublished = {Internetquelle (abgerufen am 07.05.2018)},
  month        = may,
  year         = {2018},
  url          = {https://www.youtube.com/watch?v=Czc4V-Mxb5k},
}

@Article{bib:RiftReview,
  author  = {Parth Rajesh Desai and Pooja Nikhil Desai and Komal Deepak Ajmera and Khushbu Mehta},
  title   = {A Review Paper on Oculus Rift-A Virtual Reality Headset},
  journal = {CoRR},
  year    = {2014},
  volume  = {abs/1408.1173},
}

@Misc{bib:OculusPic,
  author       = {Amazon},
  title        = {Oculus Rift + Touch Bundle},
  howpublished = {Internetquelle (abgerufen am 07.05.2018)},
  month        = may,
  year         = {2018},
  url          = {https://www.amazon.de/OCULUS-Germany-301-00095-01-Oculus-Bundle/dp/B073X8N1YW},
}

@Misc{bib:VivePic,
  author       = {Walmart},
  title        = {HTC VIVE Virtual Reality System},
  howpublished = {Internetquelle (abgerufen am 07.05.2018)},
  month        = may,
  year         = {2018},
  url          = {https://www.walmart.com/ip/HTC-VIVE-Virtual-Reality-System-Black-99HALN00200/754371281},
}

@Misc{bib:HoloKitchen,
  author       = {Magic Holo},
  title        = {Unterschied Virtual Reality (VR) und Augmented Reality (AR)},
  howpublished = {Internetquelle (abgerufen am 07.05.2018)},
  month        = may,
  year         = {2018},
  url          = {https://magic-holo.com/unterschied-virtual-reality-vr-und-augmented-reality-ar/},
}

@Misc{bib:VrKitchen,
  author       = {Greg Vellante, Staff Writer},
  title        = {IKEA Joins Forces with HTC Vive for Virtual Reality Kitchen},
  howpublished = {Internetquelle (abgerufen am 07.05.2018)},
  month        = apr,
  year         = {2016},
  url          = {http://techomebuilder.com/emagazine-articles-1/ikea-joins-forces-with-htc-vive-for-virtual-reality-kitchen},
}

@Article{bib:VRSicknessLaviola,
  author     = {LaViola,Jr., Joseph J.},
  title      = {A Discussion of Cybersickness in Virtual Environments},
  journal    = {SIGCHI Bull.},
  year       = {2000},
  volume     = {32},
  number     = {1},
  pages      = {47--56},
  month      = jan,
  issn       = {0736-6906},
  acmid      = {333344},
  address    = {New York, NY, USA},
  doi        = {10.1145/333329.333344},
  issue_date = {Jan. 2000},
  numpages   = {10},
  publisher  = {ACM},
  url        = {http://doi.acm.org/10.1145/333329.333344},
}

@Article{bib:VRSicknessRebenitsch,
  author    = {Lisa Rebenitsch and Charles Owen},
  title     = {Review on cybersickness in applications and visual displays},
  journal   = {Virtual Reality},
  year      = {2016},
  volume    = {20},
  number    = {2},
  pages     = {101--125},
  month     = {apr},
  doi       = {10.1007/s10055-016-0285-9},
  publisher = {Springer Nature},
}

@Article{bib:VRSicknessKolanski,
  author = {M. Kolasinski, Eugenia},
  title  = {Simulator Sickness in Virtual Environments},
  year   = {1995},
  pages  = {68},
  month  = {05},
}

@Article{bib:VRSicknessPausch,
  author     = {Pausch, Randy and Crea, Thomas and Conway, Matthew},
  title      = {A Literature Survey for Virtual Environments: Military Flight Simulator Visual Systems and Simulator Sickness},
  journal    = {Presence: Teleoper. Virtual Environ.},
  year       = {1992},
  volume     = {1},
  number     = {3},
  pages      = {344--363},
  month      = jul,
  issn       = {1054-7460},
  acmid      = {195962},
  address    = {Cambridge, MA, USA},
  doi        = {10.1162/pres.1992.1.3.344},
  issue_date = {Summer 1992},
  numpages   = {20},
  publisher  = {MIT Press},
  url        = {http://dx.doi.org/10.1162/pres.1992.1.3.344},
}

@Misc{bib:90FpsMin,
  author       = {IrisVR},
  title        = {The Importance of Frame Rates},
  howpublished = {Internetquelle (abgerufen am 12.05.2018)},
  month        = may,
  year         = {2018},
  url          = {https://help.irisvr.com/hc/en-us/articles/215884547-The-Importance-of-Frame-Rates},
}

@Misc{bib:OculusTouchPic,
  author       = {Oculus VR, LLC.},
  title        = {OVRInput},
  howpublished = {Internetquelle (abgerufen am 12.05.2018)},
  month        = may,
  year         = {2018},
  url          = {https://developer.oculus.com/documentation/unity/latest/concepts/unity-ovrinput/},
}

@Article{bib:VRLocomotionReview,
  author    = {Costas Boletsis},
  title     = {The New Era of Virtual Reality Locomotion: A Systematic Literature Review of Techniques and a Proposed Typology},
  journal   = {Multimodal Technologies and Interaction},
  year      = {2017},
  volume    = {1},
  number    = {4},
  pages     = {24},
  month     = {sep},
  doi       = {10.3390/mti1040024},
  publisher = {{MDPI} {AG}},
}

@Unknown{bib:PointTeleport,
  author = {Bozgeyikli, Evren and Raij, Andrew and Katkoori, Srinivas and Dubey, Rajiv},
  title  = {Point \& Teleport Locomotion Technique for Virtual Reality},
  month  = {10},
  year   = {2016},
  pages  = {205-216},
}

@Misc{bib:UnityPrefab,
  author       = {Unity},
  title        = {Prefabs},
  howpublished = {Internetquelle (abgerufen am 13.05.2018)},
  month        = may,
  year         = {2018},
  url          = {https://docs.unity3d.com/Manual/Prefabs.html},
}

@Misc{bib:Instantiate,
  author       = {Unity},
  title        = {Object.Instantiate},
  howpublished = {Internetquelle (abgerufen am 13.05.2018)},
  month        = may,
  year         = {2018},
  url          = {https://docs.unity3d.com/ScriptReference/Object.Instantiate.html},
}

@Misc{bib:Collider,
  author       = {Unity},
  title        = {Colliders},
  howpublished = {Internetquelle (abgerufen am 13.05.2018)},
  month        = may,
  year         = {2018},
  url          = {https://docs.unity3d.com/560/Documentation/Manual/CollidersOverview.html},
}

@Misc{bib:LightProbes,
  author       = {Unity},
  title        = {Light Probes},
  howpublished = {Internetquelle (abgerufen am 13.05.2018)},
  month        = may,
  year         = {2018},
  url          = {https://docs.unity3d.com/Manual/LightProbes.html},
}

@Misc{bib:MeshRenderer,
  author       = {Unity},
  title        = {Mesh Renderer},
  howpublished = {Internetquelle (abgerufen am 13.05.2018)},
  month        = may,
  year         = {2018},
  url          = {https://docs.unity3d.com/Manual/class-MeshRenderer.html},
}

@Misc{bib:DrawCall,
  author       = {Unity},
  title        = {Draw call batching},
  howpublished = {Internetquelle (abgerufen am 13.05.2018)},
  month        = may,
  year         = {2018},
  url          = {https://docs.unity3d.com/Manual/DrawCallBatching.html},
}

@Misc{bib:Meshes,
  author       = {Unity},
  title        = {Meshes},
  howpublished = {Internetquelle (abgerufen am 13.05.2018)},
  month        = may,
  year         = {2018},
  url          = {https://docs.unity3d.com/Manual/class-Mesh.html},
}

@Misc{bib:EuclideanCluster,
  author       = {Pointclouds.org},
  title        = {Euclidean Cluster Extraction},
  howpublished = {Internetquelle (abgerufen am 14.05.2018)},
  month        = may,
  year         = {2018},
  url          = {http://www.pointclouds.org/documentation/tutorials/cluster_extraction.php},
}

@Comment{jabref-meta: databaseType:bibtex;}
